@comment{x-kbibtex-encoding=utf-8}

@comment{jabref-meta: databaseType:bibtex;}

@comment{jabref-entrytype: Thesis: req[author;title;school;year;type] opt[address;month;note]}

@book{field2009,
	address = {Porto Alegre},
	author = {Field, Andy},
	publisher = {Artmed},
	title = {Descobrindo a estat√≠stica usando o SPSS},
	volume = {2},
	year = {2009}
}

